@article{Cleary:1998,
  author = 	 {Cleary, P. W.},
  title = 	 {Modelling confned multi-material heat and mass flows using {S}{P}{H}},
  journal = 	 {Applied Mathematical Modelling},
  year = 	 {1998},
  volume =     {22},
  pages = 	 {981-993},
}

@phdthesis{Hyncik:2002a,
  author =    {Hyn\v{c}\'{\i}k, L.}, 
  title =        {Biomechanical model of abdominal organs and tissues for crash test purposes},
  school =     {University of West Bohemia},
  year =        {2002}
}

@article{Hyncik:2002b,
  author = 	 {Hyn\v{c}\'{\i}k, L.},
  title = 	 {Smoothed particle hydrodynamics: Theory and practice},
  journal = 	 {Engineering Mechanics},
  year = 	 {2002},
  volume =    {9},
  number =   {6},
  pages = 	 {1-15},
}

@conference{Hyncik:2015a,
  author =    {Hyn\v{c}\'{\i}k, L.}, 
  title =        {Interaction of flowing liquid with deformable boundary by coupling {S}{P}{H} to {F}{E}},
  booktitle = {6th International Conference on Mechanics and Materials in Design},
  year =       {2015},
  editor =     {J.F. Silva Gomes \& S.A. Meguid},
  pages =     {959-966},
}

@conference{Hyncik:2015b,
  author =    {Hyn\v{c}\'{\i}k, L.}, 
  title =        {{S}{P}{H}{C}{O}{F}{E}{M}: Solver for Coupling {S}{P}{H} and {F}{E}},
  booktitle = {7th WACBE World Congress on Bioengineering 2015},
  year =       {2015},
  editor =     {Springer},
  volume =   {52},
  pages =    {162-165},
  doi =         {10.1007/978-3-319-19452-3_43},
}

@conference{Hyncik:2022,
  author =    {Hyn\v{c}\'{\i}k, L.}, 
  title =        {On modelling ballistoic gelatine by {S}{P}{H}},
  booktitle = {9th International Conference on Mechanics and Materials in Design},
  year =       {2022},
  editor =     {J.F. Silva Gomes \& S.A. Meguid},
  pages = 	  {1-6},
}

@article{Macia:2011,
  author = 	 {Maci\`a, F. and S\'{a}nchez, J. M. and Souto-Iglesias A. and Gonz\'{a}lez L. M.},
  title = 	 {WCSPH viscosity diffusion processes in vortex flows},
  journal = 	 {International Journal for Numerical Methods i Fluids},
  year = 	 {2011},
  pages = 	 {1-25},
  doi =            {10.1002/fld.2571},
}

@article{Monaghan:1983,
  author =    {Monaghan, J. J. and Gingold, R. A.}, 
  title =        {Shock Simulation by the Particle Method},
  journal =   {Journal of Computational Physics},
  year =      {1983},
  volume =  {52},
  pages =   {374-389},
}

@article{Morris:1997,
  author =    {Morris, J. P. and Fox, P. J. and Zhu, Y.}, 
  title =        {Modeling Low Reynolds Number Incompressible Flows Using SPH},
  journal =  {Journal of Computational Physics},
  year =      {1997},
  volume =   {136},
  pages =    {214-226},
}

@article{Onderik:2007,
  author =    {Onderik, J. and \v{D}urikovi\v{c}, R.}, 
  title =        {Efficient Neighbor Search for Particle-based Fluids},
  journal =  {Journal of the Applied Mathematics, Statistics and Informatics},
  year =      {2007},
  volume =   {2},
  number =  {3},
  pages =    {1-15},
}

@article{Takeda:1994,
  author =    {Takeda, H. and Miyama, S. M. and Sekiya, M.}, 
  title =        {Numerical Simulation of Viscous Flow by Smoothed Particle Hydrodynamics},
  journal =   {Progress of Theoretical Physics},
  year =      {1999},
  volume =   {92},
  number =  {5},
  pages =    {939-960},
}

